
@article{frederickson2005,
	title = {The State of Social Equity in American Public Administration},
	author = {Frederickson, George},
	year = {2005},
	date = {2005},
	journal = {National Civic Review},
	pages = {31--38},
	volume = {94},
	number = {4},
	doi = {10.1002/ncr.117}
}

@article{wooldridge2009,
	title = {The Epic of Social Equity: Evolution, Essence, and Emergence},
	author = {Wooldridge, Blue and Gooden, Susan},
	year = {2009},
	month = {06},
	date = {2009-06},
	journal = {Administrative Theory & Praxis},
	pages = {222--234},
	volume = {31},
	number = {2},
	doi = {http://dx.doi.org/10.2753/ATP1084-1806310205},
	url = {https://www.proquest.com/docview/346990665/abstract/AB5B67BA5CD44577PQ/1},
	note = {Num Pages: 13
Place: Abingdon, United Kingdom
Publisher: Taylor & Francis Ltd.
Section: Invited Essay},
	langid = {English}
}

@article{powell2009,
	title = {Post-Racialism or Targeted Universalism?},
	author = {powell, j.a.},
	year = {2009},
	date = {2009},
	journal = {Denver University Law Review},
	pages = {785--806},
	volume = {86}
}

@article{guy2012,
	title = {Social Equity: Its Legacy, Its Promise},
	author = {Guy, Mary E. and McCandless, Sean A.},
	year = {2012},
	date = {2012},
	journal = {Public Administration Review},
	pages = {S5--S13},
	volume = {72},
	doi = {10.1111/j.1540-6210.2012.02635.x}
}

@article{pastor2018,
	title = {How Community Organizing Promotes Health Equity, And How Health Equity Affects Organizing},
	author = {Pastor, Manuel and Terriquez, Veronica and Lin, May},
	year = {2018},
	month = {03},
	date = {2018-03},
	journal = {Health Affairs},
	pages = {358--363},
	volume = {37},
	number = {3},
	doi = {http://dx.doi.org/10.1377/hlthaff.2017.1285},
	url = {https://www.proquest.com/docview/2012416774/abstract/135373B64D354CF9PQ/1},
	note = {Num Pages: 358-363
Place: Chevy Chase, United States
Publisher: The People to People Health Foundation, Inc., Project HOPE
Section: HEALTH EQUITY},
	langid = {English}
}

@book{hooks2000,
	title = {Where We Stand: Class Matters},
	author = {hooks, },
	year = {2000},
	date = {2000},
	publisher = {Routledge},
	url = {http://site.ebrary.com/id/10054105},
	address = {New York ;},
	langid = {English}
}

@book{cottom2018,
	title = {Thick: And Other Essays},
	author = {Cottom, Tressie McMillan},
	year = {2018},
	date = {2018},
	publisher = {The New Press},
	url = {https://www.hoopladigital.com/title/12285196},
	address = {United States},
	langid = {English}
}

@book{hooks2000a,
	title = {Where We Stand: Class Matters},
	author = {hooks, },
	year = {2000},
	date = {2000},
	publisher = {Routledge},
	url = {http://site.ebrary.com/id/10054105},
	address = {New York ;},
	langid = {English}
}

@article{reardon2012,
	title = {{\textquotedblleft}Your DNA Is {\emph{Our}} History{\textquotedblright}: Genomics, Anthropology, and the Construction of Whiteness as Property},
	author = {Reardon, Jenny and TallBear, Kim},
	year = {2012},
	date = {2012},
	journal = {Current Anthropology},
	pages = {S233--S245},
	volume = {53},
	number = {S5},
	doi = {10.1086/662629},
	url = {https://www.jstor.org/stable/10.1086/662629},
	note = {Publisher: [The University of Chicago Press, Wenner-Gren Foundation for Anthropological Research]}
}

@article{lewis2018,
	title = {Making Kin with the Machines},
	author = {Lewis, Jason Edward and Philip, Nick and Arista, Noelani and Pechawis, Archer and Kite, Suzanne and Ahearn, Catherine},
	year = {2018},
	date = {2018},
	journal = {Journal of Design and Science},
	doi = {10.21428/bfafd97b}
}

@book{noble2018,
	title = {Algorithms of Oppression: How Search Engines Reinforce Racism},
	author = {Noble, Safiya Umoja},
	year = {2018},
	date = {2018},
	publisher = {New York University Press},
	url = {https://nyupress.org/books/9781479837243/},
	note = {Section: xv, 229 pages : illustrations ; 23 cm},
	address = {New York},
	langid = {English}
}

@book{criado-perez2019,
	title = {Invisible Women: Data Bias in a World Designed for Men},
	author = {Criado-Perez, Caroline},
	year = {2019},
	date = {2019},
	publisher = {Abrams Press},
	note = {OCLC: on1048941266},
	address = {New York}
}

@book{dignazio2020,
	title = {Data Feminism.},
	author = {{D'Ignazio}, Catherine and Klein, Lauren F},
	year = {2020},
	date = {2020},
	url = {https://directory.doabooks.org/handle/20.500.12854/78584},
	note = {OCLC: 1302716098},
	langid = {English}
}

@article{madianou2019,
	title = {Technocolonialism: Digital Innovation and Data Practices in the Humanitarian Response to Refugee Crises},
	author = {Madianou, Mirca},
	year = {2019},
	month = {07},
	date = {2019-07},
	journal = {Social Media + Society},
	pages = {205630511986314},
	volume = {5},
	number = {3},
	doi = {10.1177/2056305119863146},
	url = {http://journals.sagepub.com/doi/10.1177/2056305119863146},
	langid = {en}
}
